<?xml version="1.0" encoding="UTF-8"?><record xmlns="http://www.loc.gov/MARC21/slim" xmlns:cinclude="http://apache.org/cocoon/include/1.0" xmlns:zs="http://www.loc.gov/zing/srw/">
  <leader>00379nz  a2200133n  4500</leader>
  <controlfield tag="001">no2010181219</controlfield>
  <controlfield tag="003">DLC</controlfield>
  <controlfield tag="005">20101115134807.0</controlfield>
  <controlfield tag="008">101108n| acannaabn          |n ana     c</controlfield>
  <datafield tag="010" ind1=" " ind2=" ">
    <subfield code="a">no2010181219</subfield>
  </datafield>
  <datafield tag="035" ind1=" " ind2=" ">
    <subfield code="a">(OCoLC)oca08680990</subfield>
  </datafield>
  <datafield tag="040" ind1=" " ind2=" ">
    <subfield code="a">MH-BA</subfield>
    <subfield code="b">eng</subfield>
    <subfield code="c">MH-BA</subfield>
  </datafield>
  <datafield tag="110" ind1="2" ind2=" ">
    <subfield code="a">IMS Health (Firm)</subfield>
  </datafield>
  <datafield tag="670" ind1=" " ind2=" ">
    <subfield code="a">National journal audit : company survey, 2005:</subfield>
    <subfield code="b">p. 1 of PDF document (IMS Health)</subfield>
  </datafield>
</record>